@FOOTNOTE{Note1,key="Note1",note="The empirical distribution $q(\protect \bm  {x})$ is defined as follows: if a possible outcome $\protect \bm  {v}$ is contained $N_{\protect \bm  {v}}$ times in the set of $N_{\protect \rm  tot}$ existing measurements $\protect \mathcal  {D}$, then $q(\protect \bm  {v}) = N_{\protect \bm  {v}}/N_{\protect \rm  tot}$. If $\protect \bm  {x} \protect \notin  \protect \mathcal  {D}$ has not been measured, $q(\protect \bm  {x})=0$."}
